@book{rainsford2014,
	author = {Dominic Rainsford},
	title = {Studying Literature in English: An Introduction},
	isbn = {9780415699235},
	year = {2014},
	publisher = {Routledge}
}

@book{fletcher2007,
	author = {Robert Huntington Fletcher},
	title = {A History of English Literature},
	isbn = {9781248527580},
	year = {2012},
	publisher = {Nabu Press}
}

@online{wheeler2018,
	author = {L. Kip Wheeler},
	title = {Literary Vocabulary},
	year = {2018-04-24},
	url = {https://web.cn.edu/kwheeler/lit_terms.html},
	urldate = {2020-02-26}
}

@book{behn2003,
	author = {Aphra Behn},
	title = {Oroonoko},
	isbn = {97802412511621},
	year = {2003},
	publisher = {Penguin Classics}
}

@book{bunyan2018,
	author = {John Bunyan},
	title = {The Pilgrimâ€™s Progress: From This World to That Which Is to Come},
	isbn = {9781981564590},
	year = {2018},
	publisher = {Amazon Distribution GmbH, Leipzig}
}

@book{defoe2012,
	author = {Daniel Defoe},
	title = {Robinson Crusoe},
	isbn = {9780141199061},
	year = {2012},
	publisher = {Penguin English Library}
}

@online{britannica2020,
	author = {The Editors of Encyclopaedia Britannica},
	title = {United Kingdom: British society by the mid-18th century},
	year = {2020-02-23},
	url = {https://www.britannica.com/place/United-Kingdom/British-society-by-the-mid-18th-century},
	urldate = {2020-02-26}
}

@book{peckCoyle2002,
	author = {John Peck, Martin Coyle},
	title = {A Brief History of English Literature},
	isbn = {0333791770},
	year = {2002},
	publisher = {Palgrave Macmillan}
}

@book{greenblatt2006,
	author = {Stephen Greenblatt},
	title = {The Norton Anthology of English Literature, Volume C: The Restoration and the Eighteenth Century},
	isbn = {9780393927191},
	year = {2006},
	publisher = {W. W. Norton \& Company}
}

@book{alcott2014,
	author = {Louisa May Alcott},
	title = {Little Women},
	isbn = {9780147514011},
	year = {2014},
	publisher = {Puffin Books}
}
