%1
@online{wheeler2020,
    author = {David A. Wheeler},
    title = {Control Characters (such as Newline), Leading Dashes, and Other Problems},
    year = {2020},
    url = {https://dwheeler.com/essays/fixing-unix-linux-filenames.html},
    urldate = {2021-06-17}
}

%2
@online{marti2014,
    author = {Vicet Marti},
    title = {Vulnerability announced: update your Git clients},
    year = {2014},
    url = {https://github.blog/2014-12-18-vulnerability-announced-update-your-git-clients/},
    urldate = {2021-06-17}
}

%3
@online{jarina2021,
    author = {Stefan Jarina},
    publisher = {GitHub, Inc.},
    title = {Ubuntu repositories broken},
    year = {2021},
    url = {https://github.com/dotnet/core/issues/6381},
    urldate = {2021-06-17}
}

%4
@online{oracle2010,
    author = {Oracle},
    publisher = {Oracle Corporation},
    title = {Standard Headers and Reserved Names},
    year = {2010},
    url = {https://docs.oracle.com/cd/E19205-01/819-5265/bjaky/index.html},
    urldate = {2021-06-17}
}

%5
@book{unixhater1994,
    author = {Simson Garfinkel and Daniel Weise and Steven Strassmann},
    title = {The UNIX Hater Handbook},
    isbn = {1568842031},
    year = {1994},
    publisher = {IDG Books Worldwide, Inc.}
}

%6
@online{microsoft2020a,
    author = {Microsoft},
    publisher = {Microsoft Corporation},
    title = {Naming Files, Paths and Namespaces},
    year = {2020},
    url = {https://docs.microsoft.com/en-us/windows/win32/fileio/naming-a-file},
    urldate = {2021-06-17}
}

%7
@online{microsoft2020b,
    author = {Microsoft},
    publisher = {Microsoft Corporation},
    title = {Maximum Path Length Limitation},
    year = {2020},
    url = {https://docs.microsoft.com/en-us/windows/win32/fileio/maximum-file-path-limitation},
    urldate = {2021-06-17}
}

%8
@book{devops2016,
    author = {Gene Kim and Patrick Debois and John Willis and Jez Humble and John Allspaw},
    title = {The DevOps Handbook: How to Create World-Class Agility, Reliability, and Security in Technology Organizations},
    isbn = {978-1942788003},
    year = {2016},
    publisher = {IT Revolution Press}
}

%9
@online{harvard2009,
    author = {Leslie A. Parlow and Jessica L. Porter},
    title = {Making Time Off Predictable and Required},
    year = {2009},
    url = {https://hbr.org/2009/10/making-time-off-predictable-and-required},
    urldate = {2021-06-16}
}

%10
@report{yermolaieva2020,
    author = {Sofiia Yermolaieva},
    title = {Communication Challenges in Agile Teams from The Communication Theory Prospective},
    year = {2020},
    school = {Innopolis University},
    note = {{\em See {\tt https://www.researchgate.net/publication/347814701}.}}
}

%11
@book{deepwork2016,
    author = {Cal Newport},
    title = {Deep Work: Rules for Focused Success in a Distracted World},
    isbn = {978-1455586691},
    year = {2016},
    publisher = {Grand Central Publishing}
}

%12
@online{pitchfork2021,
    author = {Colby Pike},
    title = {The Pitchfork Layout (PFL)},
    year = {2021},
    url = {https://api.csswg.org/bikeshed/?force=1&url=https://raw.githubusercontent.com/vector-of-bool/pitchfork/develop/data/spec.bs},
    urldate = {2021-06-27}
}

%13
@online{pike2018a,
    author = {Colby Pike},
    title = {Project Layout - Survey Results and Updates},
    year = {2018},
    url = {https://vector-of-bool.github.io/2018/09/16/layout-survey.html},
    urldate = {2021-06-27}
}

%14
@online{pike2018b,
    author = {Colby Pike},
    title = {Prepare thy Pitchforks: A (de facto) Standard Project Layout},
    year = {2018},
    url = {https://www.reddit.com/r/cpp/comments/996q8o/prepare_thy_pitchforks_a_de_facto_standard/},
    urldate = {2021-06-27}
}

%15
@online{pike2018c,
    author = {Colby Pike},
    title = {Pitchforks Part II - Project Layout and Naming Survey},
    year = {2018},
    url = {https://www.reddit.com/r/cpp/comments/9eq46c/pitchforks_part_ii_project_layout_and_naming/},
    urldate = {2021-06-27}
}

%16
@online{pike2018d,
    author = {Colby Pike},
    title = {Pitchforks Part III - Layout Survey Results},
    year = {2018},
    url = {https://www.reddit.com/r/cpp/comments/9gn63x/pitchforks_part_iii_layout_survey_results/},
    urldate = {2021-06-27}
}
