%1
@book{wirth1996,
    author = {Niklaus Wirth},
    title = {Compiler Construction},
    isbn = {978-0201403534},
    year = {1996},
    publisher = {Addison-Wesley}
}

%2
@online{lattner2011,
    author = {Chris Lattner},
    title = {The Architecture of Open Source Applications},
    year = {2011},
    url = {http://www.aosabook.org/en/llvm.html},
    urldate = {2021-03-29}
}

%3
@Proceedings{fandrey2010,
    author = {Dominic Fandrey},
    title = {Clang/LLVM Maturity Report},
    school = {Computer Science Dept., University of Applied Sciences Karlsruhe},
    year = {2010},
    address = {Moltkestr. 30, 76133 Karlsruhe - Germany},
    month = {June},
    note = {{\em See {\tt http://www.iwi.hs-karlsruhe.de}.}}
}

%4
@book{grune2012,
    author = {Dick Grune and Kees van Reeuwijk and Henri E. Bal and Ceriel J.H. Jacobs and Koen Langendoen},
    title = {Modern Compiler Design},
    isbn = {978-1461446989},
    year = {2012},
    publisher = {Wiley}
}

%5
@book{mogensen2010,
    author = {Torben Agidius Mogensen},
    title = {Basics of Compiler Design},
    isbn = {978-87-993154-0-6},
    year = {2010},
    school = {University of Copenhagen}
}

%6
@online{python2021,
    title = {Design of CPython's Compiler},
    year = {2021},
    url = {https://devguide.python.org/compiler/},
    urldate = {2021-04-04}
}

%7
@report{zehra2020,
    author = {Fahrzeen Zehra and Maha Javed and Maria Pasha},
    title = {Comparative Analysis of C++ and Python in Terms of Memory and Time},
    year = {2020},
    school = {NED University of Engineering and Technology}
}

%8
@online{johnson2016,
    author = {Teresa Johnson and Mehdi Amini and David Li},
    title = {The LLVM Project Blog - ThinLTO: Scalable and Incremental LTO},
    year = {2016},
    url = {http://blog.llvm.org/2016/06/thinlto-scalable-and-incremental-lto.html},
    urldate = {2021-04-02}
}